%%%	Articles 	%%%%

%:Alkire Foster 2011
@article{AlkireFoster11,
	title = {Counting and multidimensional poverty measurement},
	journal = {Journal of Public Economics},
	volume = {95},
	number = {7},
	pages = {476-487},
	year = {2011},
	doi = {10.1016/j.jpubeco.2010.11.006},
	author = {Sabina Alkire and James Foster}
}

%:Sen 1979
@article{Sen79,
	author = {Amartya Sen},
	journal = {The Scandinavian Journal of Economics},
	number = {2},
	pages = {285--307},
	publisher = {[Wiley, The Scandinavian Journal of Economics]},
	title = {Issues in the Measurement of Poverty},
	volume = {81},
	year = {1979}
}

%:Sen 1993
@inbook {SenFunctionings,
	title = {Capability and Well-Being},
	booktitle = {The Quality of Life},
	year = {1993},
	publisher = {Clarendon Press},
	organization = {Clarendon Press},
	pages = {30--53},
	chapter = {2},
	address = {Oxford},
	author = {Martha Nussbaum and Amartya Sen}
}

%:Sen 1976
@article{Sen76,
	title = {Poverty: An Ordinal Approach to Measurement},
	author = {Amartya Sen},
	journal = {Econometrica},
	volume = {44},
	number = {2},
	pages = {219--231},
	year = {1976},
	doi = {10.2307/1912718}
}

%:Atkinson
@article{Atkinson87,
	title = {On the Measurement of Poverty},
	author = {A. B. Atkinson},
	journal = {Econometrica},
	volume = {55},
	number = {4},
	pages = {749--764},
	year = {1987},
	doi = {10.2307/1911028}
}

%:Lambert
@book{PovertyLambert,
	title = {The Distribution and Redistribution of Income: Third Edition},
	author = {Lambert, P.},
	isbn = {9780719057328},
	series = {Manchester University Press Series},
	year = {2001},
	publisher = {Manchester University Press}
}
%	url = {https://books.google.cl/books?id=sXhKHtuaBdQC},


%:Alkire How to measure many dimensions of Poverty?
@inbook{AlkireMeasureDimensions,
	title = {How to measure the many dimensions of poverty?},
	booktitle = {Development Co-operation Report 2013: Ending Poverty},
	author = {Alkire, S.},
	year = {2013},
	publisher = {OECD Publishing},
	chapter = {3},
	country = {France},
	doi = {10.1787/dcr-2013-7-en}	
}

%:Dynamical measure of poverty
@unpublished{nicholas2013dynamic,
 	title = {A dynamic multidimensional measure of poverty},
	author = {Nicholas, Aaron and Ray, Ranjan and Sinha, Kompal},
	year = {2013},
	issn = {1441-5429},
	publisher = {Monash University},
	note = {Discussion paper}
}

%:Alkire et. al. Multidimensional poverty measurement book
@book{AlkireMeasurementBook,
	title={Multidimensional Poverty Measurement and Analysis},
	author={Alkire, S. and Roche, J.M. and Ballon, P. and Foster, J. and Santos, M.E. and Seth, S.},
	isbn={9780199689491},
	year={2015},
	publisher={Oxford University Press}
}
%	url={https://books.google.cl/books?id=P8r9CAAAQBAJ},
%}

%:Ravallion, multidimensional indices book
@book{RavallionMPIBook,
	author = { Ravallion, Martin },
	title = {On multidimensional indices of poverty},
	publisher = {The World Bank},
	year = {2011},
	doi = {10.1596/1813-9450-5580}
}
%	URL = {https://elibrary.worldbank.org/doi/abs/10.1596/1813-9450-5580},
%	eprint = {https://elibrary.worldbank.org/doi/pdf/10.1596/1813-9450-5580}
%}

%:Alkire MPI paper
@article{AlkireMPi,
	title = "Measuring Acute Poverty in the Developing World: Robustness and Scope of the Multidimensional Poverty Index",
	journal = "World Development",
	volume = "59",
	pages = "251 - 274",
	year = "2014",
	issn = "0305-750X",
	doi = "10.1016/j.worlddev.2014.01.026",
	author = "Sabina Alkire and Maria Emma Santos"
}

%:Chambers & Millers Bizarreness
@article{BizarrePaper,
	author = {P. Chambers, Christopher and D. Miller, Alan},
	year = {2007},
	month = {08},
	pages = {},
	title = {A Measure of Bizarreness},
	volume = {5},
	journal = {Quarterly Journal of Political Science},
	doi = {10.1561/100.00009022}
}

%:FGT Measures
@article{FGTpaper,
	ISSN = {00129682, 14680262},
	URL = {http://www.jstor.org/stable/1913475},
	author = {James Foster and Joel Greer and Erik Thorbecke},
	journal = {Econometrica},
	number = {3},
	pages = {761--766},
	publisher = {[Wiley, Econometric Society]},
	title = {A Class of Decomposable Poverty Measures},
	volume = {52},
	year = {1984}
}

%:Jehle y Reny
@book{JehleReny,
	publisher = {Pearson},
	isbn = {9780273731917},
	year = {2011},
	title = {Advanced microeconomic theory},
	edition = {3. ed..},
	language = {eng},
	address = {Harlow},
	author = {Jehle, Geoffrey Alexander},
	keywords = {Microeconom√≠a},
}

%:Lambert Book
@book{LambertPoverty,
	publisher = {Manchester University Press},
	isbn = {9780719057328},
	year = {2001},
	title = {The distribution and redistribution of income : a mathematical analysis},
	edition = {3rd ed..},
	language = {eng},
	author = {Lambert, Peter J},
}